@inproceedings{chen2021necessary,
  title={Necessary and Sufficient Conditions for Avoiding Reopenings in Best First Suboptimal Search with General Bounding Functions},
  author={Chen, Jingwei and Sturtevant, Nathan R.},
  booktitle={Proceedings of the AAAI Conference on Artificial Intelligence},
  volume={35},
  number={5},
  pages={3688--3696},
  year={2021},
  doi={10.1609/aaai.v35i5.16485},
  url={https://ojs.aaai.org/index.php/AAAI/article/view/16485}
}

@article{op-prm,
author = {Ye, Lingjian and Chen, Jinbao and Zhou, Yimin},
year = {2022},
month = {06},
pages = {910859},
title = {Real-Time Path Planning for Robot Using OP-PRM in Complex Dynamic Environment},
volume = {16},
journal = {Frontiers in Neurorobotics},
doi = {10.3389/fnbot.2022.910859}
}